
<record xmlns:xs="http://www.w3.org/2001/XMLSchema">
         <leader>     cam a22     u  4500</leader>
         <controlfield tag="001">266758762</controlfield>
         <controlfield tag="003">CHVBK</controlfield>
         <controlfield tag="005">20190126075846.0</controlfield>
         <controlfield tag="008">130817s1991    sz |||||||||| 00   |ger d</controlfield>
         <datafield tag="035" ind1=" " ind2=" ">
            <subfield code="a">(IDSBB)001079703</subfield>
         </datafield>
         <datafield tag="035" ind1=" " ind2=" ">
            <subfield code="a">(NEBIS)001284405</subfield>
         </datafield>
         <datafield tag="035" ind1=" " ind2=" ">
            <subfield code="a">(NEBIS)007811719</subfield>
         </datafield>
         <datafield tag="035" ind1=" " ind2=" ">
            <subfield code="a">(SNL)991003720799703976</subfield>
         </datafield>
         <datafield tag="035" ind1=" " ind2=" ">
            <subfield code="a">(Sz)113214-41snl_51</subfield>
         </datafield>
         <datafield tag="035" ind1=" " ind2=" ">
            <subfield code="a">(Sz)vtls000113214</subfield>
         </datafield>
         <datafield tag="035" ind1=" " ind2=" ">
            <subfield code="a">(Sz)000113214</subfield>
         </datafield>
         <datafield tag="040" ind1=" " ind2=" ">
            <subfield code="a">SzZuIDS BS/BE A125</subfield>
            <subfield code="b">ger</subfield>
            <subfield code="e">kids</subfield>
         </datafield>
         <datafield tag="100" ind1="1" ind2=" ">
            <subfield code="a">Bohley</subfield>
            <subfield code="D">Peter</subfield>
            <subfield code="d">1932-</subfield>
            <subfield code="0">(DE-588)13824376X</subfield>
         </datafield>
         <datafield tag="245" ind1="1" ind2="0">
            <subfield code="a">Perspektiven des interkommunalen Finanzausgleichs</subfield>
            <subfield code="c">Peter Bohley</subfield>
         </datafield>
         <datafield tag="264" ind1=" " ind2="1">
            <subfield code="a">Zürich</subfield>
            <subfield code="b">Wirtschaftswissenschaftliches Institut der Universität</subfield>
            <subfield code="c">1991</subfield>
         </datafield>
         <datafield tag="300" ind1=" " ind2=" ">
            <subfield code="a">Ohne Seitenzählung</subfield>
            <subfield code="b">Ill</subfield>
            <subfield code="c">30 cm</subfield>
         </datafield>
         <datafield tag="490" ind1="1" ind2=" ">
            <subfield code="a">Arbeitspapiere. Reihe D / Wirtschaftswissenschaftliches Institut der Universität Zürich</subfield>
            <subfield code="v">Nr. 17</subfield>
            <subfield code="i">17</subfield>
            <subfield code="w">(IDSBB)000238128</subfield>
            <subfield code="9">107975785</subfield>
         </datafield>
         <datafield tag="500" ind1=" " ind2=" ">
            <subfield code="a">Mit dt., franz. und ital. Zsfg.</subfield>
         </datafield>
         <datafield tag="650" ind1=" " ind2="7">
            <subfield code="a">Finanzausgleich</subfield>
            <subfield code="2">idszbz</subfield>
         </datafield>
         <datafield tag="690" ind1=" " ind2="7">
            <subfield code="B">u</subfield>
            <subfield code="a">Finanzausgleich</subfield>
            <subfield code="2">idsuzh UC</subfield>
         </datafield>
         <datafield tag="690" ind1=" " ind2="7">
            <subfield code="B">u</subfield>
            <subfield code="a">Gemeindehaushalt</subfield>
            <subfield code="2">idsuzh UC</subfield>
         </datafield>
         <datafield tag="690" ind1=" " ind2="7">
            <subfield code="B">u</subfield>
            <subfield code="a">H 2</subfield>
            <subfield code="d">Taxation, subsidies, and revenue = Steuern, Subventionen und Staatseinnahmen</subfield>
            <subfield code="2">idsuzh VJ</subfield>
         </datafield>
         <datafield tag="690" ind1=" " ind2="7">
            <subfield code="B">u</subfield>
            <subfield code="a">H 7</subfield>
            <subfield code="d">State and local government, intergovernmental relations = Staatliche und lokale Regierungen, interjurisdiktionale Beziehungen</subfield>
            <subfield code="2">idsuzh VJ</subfield>
         </datafield>
         <datafield tag="690" ind1=" " ind2="7">
            <subfield code="B">u</subfield>
            <subfield code="a">H 6</subfield>
            <subfield code="d">National budget, deficit and debt = Staatsbudget, Staatsdefizit und Staatsschulden</subfield>
            <subfield code="2">idsuzh VJ</subfield>
         </datafield>
         <datafield tag="690" ind1=" " ind2="7">
            <subfield code="B">u</subfield>
            <subfield code="a">H 3</subfield>
            <subfield code="d">Fiscal policies and behavior of economic agents = Fiskalpolitik und Verhalten der ökonomischen Akteure</subfield>
            <subfield code="2">idsuzh VJ</subfield>
         </datafield>
         <datafield tag="691" ind1=" " ind2="7">
            <subfield code="a">sb</subfield>
            <subfield code="b">1993/17</subfield>
            <subfield code="c">05.1</subfield>
            <subfield code="2">snl-sb</subfield>
         </datafield>
         <datafield tag="830" ind1=" " ind2="0">
            <subfield code="a">Wirtschaftswissenschaftliches Institut der Universität Zürich</subfield>
            <subfield code="n">Reihe D</subfield>
            <subfield code="p">Arbeitspapiere</subfield>
            <subfield code="v">17</subfield>
         </datafield>
         <datafield tag="898" ind1=" " ind2=" ">
            <subfield code="a">BK020000</subfield>
            <subfield code="b">XK020000</subfield>
            <subfield code="c">XK020000</subfield>
         </datafield>
         <datafield tag="909" ind1=" " ind2="7">
            <subfield code="a">ZH</subfield>
            <subfield code="2">idszbz Z1</subfield>
         </datafield>
         <datafield tag="912" ind1=" " ind2="7">
            <subfield code="a">wi</subfield>
            <subfield code="2">SzZuIDS BS/BE</subfield>
         </datafield>
         <datafield tag="912" ind1=" " ind2="7">
            <subfield code="a">M172</subfield>
            <subfield code="2">Z01</subfield>
         </datafield>
         <datafield tag="949" ind1=" " ind2=" ">
            <subfield code="B">SNL</subfield>
            <subfield code="F">NB001</subfield>
            <subfield code="j">Pq 23358/17</subfield>
            <subfield code="c">NB10011</subfield>
         </datafield>
         <datafield tag="949" ind1=" " ind2=" ">
            <subfield code="B">NEBIS</subfield>
            <subfield code="F">Z01</subfield>
            <subfield code="c">04</subfield>
            <subfield code="j">TC 1240: 17</subfield>
         </datafield>
         <datafield tag="949" ind1=" " ind2=" ">
            <subfield code="B">NEBIS</subfield>
            <subfield code="F">UBFB</subfield>
            <subfield code="c">ULBMA</subfield>
            <subfield code="j">ZWD R 165:17</subfield>
         </datafield>
         <datafield tag="949" ind1=" " ind2=" ">
            <subfield code="B">NEBIS</subfield>
            <subfield code="F">UECON</subfield>
            <subfield code="c">ULMZN</subfield>
            <subfield code="j">SOS B 0141 : 17</subfield>
         </datafield>
         <datafield tag="949" ind1=" " ind2=" ">
            <subfield code="B">IDSBB</subfield>
            <subfield code="F">A125</subfield>
            <subfield code="c">125MZ</subfield>
            <subfield code="j">UBW Zq 1865 : 17</subfield>
            <subfield code="x">Akz: ba/uswa/g</subfield>
         </datafield>
         <datafield tag="950" ind1=" " ind2=" ">
            <subfield code="B">IDSBB</subfield>
            <subfield code="P">100</subfield>
            <subfield code="E">1-</subfield>
            <subfield code="a">Bohley</subfield>
            <subfield code="D">Peter</subfield>
            <subfield code="d">1932-</subfield>
            <subfield code="0">(DE-588)13824376X</subfield>
         </datafield>
         <datafield tag="950" ind1=" " ind2=" ">
            <subfield code="B">IDSBB</subfield>
            <subfield code="P">490</subfield>
            <subfield code="E">0-</subfield>
            <subfield code="a">Arbeitspapiere. Reihe D / Wirtschaftswissenschaftliches Institut der Universität Zürich</subfield>
            <subfield code="v">Nr. 17</subfield>
            <subfield code="i">17</subfield>
            <subfield code="w">(IDSBB)000238128</subfield>
            <subfield code="9">107975785</subfield>
         </datafield>
         <datafield tag="950" ind1=" " ind2=" ">
            <subfield code="B">NEBIS</subfield>
            <subfield code="P">100</subfield>
            <subfield code="E">1-</subfield>
            <subfield code="a">Bohley</subfield>
            <subfield code="D">Peter</subfield>
            <subfield code="d">1932-</subfield>
            <subfield code="0">(DE-588)13824376X</subfield>
         </datafield>
         <datafield tag="950" ind1=" " ind2=" ">
            <subfield code="B">NEBIS</subfield>
            <subfield code="P">490</subfield>
            <subfield code="E">--</subfield>
            <subfield code="a">Wirtschaftswissenschaftliches Institut der Universität Zürich. Reihe D, Arbeitspapiere</subfield>
            <subfield code="v">17</subfield>
            <subfield code="i">17</subfield>
            <subfield code="w">(NEBIS)000990650</subfield>
            <subfield code="9">134190386</subfield>
         </datafield>
         <datafield tag="950" ind1=" " ind2=" ">
            <subfield code="B">NEBIS</subfield>
            <subfield code="P">100</subfield>
            <subfield code="E">1-</subfield>
            <subfield code="a">Bohley</subfield>
            <subfield code="D">Peter</subfield>
         </datafield>
         <datafield tag="950" ind1=" " ind2=" ">
            <subfield code="B">NEBIS</subfield>
            <subfield code="P">490</subfield>
            <subfield code="E">--</subfield>
            <subfield code="a">Arbeitspapiere. Reihe D / Wirtschaftswissenschaftliches Institut der Universität Zürich</subfield>
            <subfield code="v">Nr. 17</subfield>
            <subfield code="i">17</subfield>
            <subfield code="w">(NEBIS)008003128</subfield>
            <subfield code="9">187615209</subfield>
         </datafield>
         <datafield tag="950" ind1=" " ind2=" ">
            <subfield code="B">SNL</subfield>
            <subfield code="P">100</subfield>
            <subfield code="E">1-</subfield>
            <subfield code="a">Bohley</subfield>
            <subfield code="D">Peter</subfield>
         </datafield>
         <datafield tag="950" ind1=" " ind2=" ">
            <subfield code="B">SNL</subfield>
            <subfield code="P">490</subfield>
            <subfield code="E">1-</subfield>
            <subfield code="a">Wirtschaftswissenschaftliches Institut der Universität Zürich. Reihe D, Arbeitspapiere</subfield>
            <subfield code="v">17</subfield>
         </datafield>
         <datafield tag="950" ind1=" " ind2=" ">
            <subfield code="B">SNL</subfield>
            <subfield code="P">710</subfield>
            <subfield code="E">2-</subfield>
            <subfield code="a">Universität Zürich</subfield>
            <subfield code="b">Wirtschaftswissenschaftliches Institut</subfield>
            <subfield code="0">(DE-588)11642-7</subfield>
         </datafield>
         <datafield tag="950" ind1=" " ind2=" ">
            <subfield code="B">SNL</subfield>
            <subfield code="P">830</subfield>
            <subfield code="E">--</subfield>
            <subfield code="a">Wirtschaftswissenschaftliches Institut der Universität Zürich</subfield>
            <subfield code="n">Reihe D</subfield>
            <subfield code="p">Arbeitspapiere</subfield>
            <subfield code="v">17</subfield>
         </datafield>
         <datafield tag="986" ind1=" " ind2=" ">
            <subfield code="a">SWISSBIB</subfield>
            <subfield code="b">266758762</subfield>
         </datafield>
      <datafield tag="949" ind1=" " ind2=" "><subfield code="B">IDSSG</subfield><subfield code="F">HIFF</subfield><subfield code="c">BIB</subfield><subfield code="j">-</subfield></datafield></record>