
<record xmlns:xs="http://www.w3.org/2001/XMLSchema">
         <leader>     cam a22     4  4500</leader>
         <controlfield tag="001">022269053</controlfield>
         <controlfield tag="003">CHVBK</controlfield>
         <controlfield tag="005">20160912111820.0</controlfield>
         <controlfield tag="008">810101m19839999gw            00    ger d</controlfield>
         <datafield tag="020" ind1=" " ind2=" ">
            <subfield code="a">978-3-504-26041-5</subfield>
         </datafield>
         <datafield tag="020" ind1=" " ind2=" ">
            <subfield code="a">3-504-26030-0</subfield>
         </datafield>
         <datafield tag="035" ind1=" " ind2=" ">
            <subfield code="a">(OCoLC)611328988</subfield>
         </datafield>
         <datafield tag="035" ind1=" " ind2=" ">
            <subfield code="a">(IDSLU)000130311</subfield>
         </datafield>
         <datafield tag="040" ind1=" " ind2=" ">
            <subfield code="a">SzZuIDS LU LUZHB</subfield>
            <subfield code="e">kids</subfield>
         </datafield>
         <datafield tag="245" ind1="0" ind2="0">
            <subfield code="a">Aussensteuerrecht</subfield>
            <subfield code="b">Kommentar : Aussensteuergesetz, Einkommensteuergesetz</subfield>
            <subfield code="c">von Hans Flick ... [et al.]</subfield>
         </datafield>
         <datafield tag="246" ind1="1" ind2=" ">
            <subfield code="i">Bis Lfg. 42 u.d.T.:</subfield>
            <subfield code="a">Kommentar zum Aussensteuerrecht</subfield>
         </datafield>
         <datafield tag="264" ind1=" " ind2="1">
            <subfield code="a">Köln</subfield>
            <subfield code="b">O. Schmidt</subfield>
            <subfield code="c">1983-</subfield>
         </datafield>
         <datafield tag="300" ind1=" " ind2=" ">
            <subfield code="a">Loseblattwerk, wird laufend ergänzt</subfield>
            <subfield code="c">25 cm</subfield>
         </datafield>
         <datafield tag="336" ind1=" " ind2=" ">
            <subfield code="a">Text</subfield>
            <subfield code="b">txt</subfield>
            <subfield code="2">rdacontent/ger</subfield>
         </datafield>
         <datafield tag="337" ind1=" " ind2=" ">
            <subfield code="a">ohne Hilfsmittel zu benutzen</subfield>
            <subfield code="b">n</subfield>
            <subfield code="2">rdamedia/ger</subfield>
         </datafield>
         <datafield tag="338" ind1=" " ind2=" ">
            <subfield code="a">Band</subfield>
            <subfield code="b">nc</subfield>
            <subfield code="2">rdacarrier/ger</subfield>
         </datafield>
         <datafield tag="500" ind1=" " ind2=" ">
            <subfield code="a">Am Kopf der Titelseite: Flick/Wassermeyer/Baumhoff/Schönfeld</subfield>
         </datafield>
         <datafield tag="500" ind1=" " ind2=" ">
            <subfield code="a">Mit Lfg. 43 (Juli 1999) Abspaltung von: Handbuch internationale Verrechnungspreise</subfield>
         </datafield>
         <datafield tag="500" ind1=" " ind2=" ">
            <subfield code="a">Wechselnde Auflagenbezeichnungen</subfield>
         </datafield>
         <datafield tag="690" ind1=" " ind2="7">
            <subfield code="B">u</subfield>
            <subfield code="a">Steuerrecht. Deutschland, B: Aussensteuerrecht: Kommentar</subfield>
            <subfield code="2">idslu L1</subfield>
         </datafield>
         <datafield tag="690" ind1=" " ind2="7">
            <subfield code="B">u</subfield>
            <subfield code="a">Gesetze. Deutschland, B: Aussensteuergesetz</subfield>
            <subfield code="2">idslu L1</subfield>
         </datafield>
         <datafield tag="690" ind1=" " ind2="7">
            <subfield code="B">u</subfield>
            <subfield code="a">Aussensteuergesetz. Deutschland. A. Kommentar</subfield>
            <subfield code="2">idslu L1</subfield>
         </datafield>
         <datafield tag="691" ind1=" " ind2="7">
            <subfield code="B">u</subfield>
            <subfield code="u">PC 54 D</subfield>
            <subfield code="2">idslu L1</subfield>
         </datafield>
         <datafield tag="912" ind1=" " ind2="7">
            <subfield code="a">820</subfield>
            <subfield code="2">IDS LU</subfield>
         </datafield>
         <datafield tag="898" ind1=" " ind2=" ">
            <subfield code="a">BK020000</subfield>
            <subfield code="b">XK020000</subfield>
            <subfield code="c">XK020000</subfield>
         </datafield>
         <datafield tag="949" ind1=" " ind2=" ">
            <subfield code="B">IDSLU</subfield>
            <subfield code="F">LUUHL</subfield>
            <subfield code="c">U3FRE</subfield>
            <subfield code="j">PC 54 D .b FLIC 1983:1</subfield>
            <subfield code="z">Bd. 1: Gesetzestexte § 1 AStG</subfield>
         </datafield>
         <datafield tag="949" ind1=" " ind2=" ">
            <subfield code="B">IDSLU</subfield>
            <subfield code="F">LUUHL</subfield>
            <subfield code="c">U3FRE</subfield>
            <subfield code="j">PC 54 D .b FLIC 1983:2</subfield>
            <subfield code="z">Bd. 2: §§ 2-8 AStG</subfield>
         </datafield>
         <datafield tag="949" ind1=" " ind2=" ">
            <subfield code="B">IDSLU</subfield>
            <subfield code="F">LUUHL</subfield>
            <subfield code="c">U3FRE</subfield>
            <subfield code="j">PC 54 D .b FLIC 1983:3</subfield>
            <subfield code="z">Bd. 3: §§ 9-22 AStG</subfield>
         </datafield>
         <datafield tag="949" ind1=" " ind2=" ">
            <subfield code="B">IDSLU</subfield>
            <subfield code="F">LUUHL</subfield>
            <subfield code="c">U3FRE</subfield>
            <subfield code="j">PC 54 D .b FLIC 1983:4</subfield>
            <subfield code="z">Bd. 4: Aussensteuerrechtl. Vorschriften des EStG + KStG, Sachregister</subfield>
         </datafield>
         <datafield tag="852" ind1="4" ind2=" ">
            <subfield code="B">IDSLU</subfield>
            <subfield code="F">LUUHL</subfield>
            <subfield code="c">U3FRE</subfield>
            <subfield code="j">PC 54 D .b FLIC 1983</subfield>
            <subfield code="a">1983-2014</subfield>
         </datafield>
      <datafield tag="949" ind1=" " ind2=" "><subfield code="B">IDSSG</subfield><subfield code="F">HIFF</subfield><subfield code="c">BIB</subfield><subfield code="j">KB 308 3</subfield></datafield></record>