
<record xmlns:xs="http://www.w3.org/2001/XMLSchema">
         <leader>     cam a22     2  4500</leader>
         <controlfield tag="001">275140946</controlfield>
         <controlfield tag="003">CHVBK</controlfield>
         <controlfield tag="005">20190117075318.0</controlfield>
         <controlfield tag="008">130818s1957    gw d     m    001 0 ger  </controlfield>
         <datafield tag="035" ind1=" " ind2=" ">
            <subfield code="a">(NEBIS)005458629</subfield>
         </datafield>
         <datafield tag="035" ind1=" " ind2=" ">
            <subfield code="a">(SGBN)000226462</subfield>
         </datafield>
         <datafield tag="035" ind1=" " ind2=" ">
            <subfield code="a">(RERO)R259065060</subfield>
         </datafield>
         <datafield tag="040" ind1=" " ind2=" ">
            <subfield code="a">Dobis/Libis UZH</subfield>
            <subfield code="d">SzZuIDS NEBIS SOZARCH</subfield>
         </datafield>
         <datafield tag="072" ind1=" " ind2="7">
            <subfield code="a">s1se</subfield>
            <subfield code="2">rero</subfield>
         </datafield>
         <datafield tag="100" ind1="1" ind2=" ">
            <subfield code="a">Hansmeyer</subfield>
            <subfield code="D">Karl-Heinrich</subfield>
            <subfield code="d">1929-2007</subfield>
            <subfield code="0">(DE-588)104690712</subfield>
         </datafield>
         <datafield tag="245" ind1="1" ind2="4">
            <subfield code="a">Der Weg zum Wohlfahrtsstaat</subfield>
            <subfield code="b">Wandlungen der Staatstätigkeit im Spiegel der Finanzpolitik unseres Jahrhunderts</subfield>
            <subfield code="c">von Karl-Heinrich Hansmeyer</subfield>
         </datafield>
         <datafield tag="260" ind1=" " ind2=" ">
            <subfield code="a">Frankfurt am Main</subfield>
            <subfield code="b">Knapp</subfield>
            <subfield code="c">1957</subfield>
         </datafield>
         <datafield tag="300" ind1=" " ind2=" ">
            <subfield code="a">127 S</subfield>
            <subfield code="c">21 cm</subfield>
         </datafield>
         <datafield tag="490" ind1="1" ind2=" ">
            <subfield code="a">Schriftenreihe zur Geld- und Finanzpolitik</subfield>
            <subfield code="v">Band 4</subfield>
            <subfield code="i">4</subfield>
            <subfield code="w">(NEBIS)005465580</subfield>
            <subfield code="9">27004728X</subfield>
         </datafield>
         <datafield tag="502" ind1=" " ind2=" ">
            <subfield code="a">Diss. Univ. Köln, 1956</subfield>
         </datafield>
         <datafield tag="650" ind1=" " ind2="7">
            <subfield code="a">Finanzpolitik</subfield>
            <subfield code="0">(DE-588)4127795-8</subfield>
            <subfield code="2">gnd</subfield>
         </datafield>
         <datafield tag="650" ind1=" " ind2="7">
            <subfield code="a">Wohlfahrtsstaat</subfield>
            <subfield code="0">(DE-588)4117641-8</subfield>
            <subfield code="2">gnd</subfield>
         </datafield>
         <datafield tag="690" ind1=" " ind2="7">
            <subfield code="B">u</subfield>
            <subfield code="a">H 5</subfield>
            <subfield code="d">National government expenditures and related policies = Staatsausgaben und dazugehörige Politikprogramme</subfield>
            <subfield code="2">idsuzh VJ</subfield>
         </datafield>
         <datafield tag="690" ind1=" " ind2="7">
            <subfield code="B">u</subfield>
            <subfield code="a">H 3</subfield>
            <subfield code="d">Fiscal policies and behavior of economic agents = Fiskalpolitik und Verhalten der ökonomischen Akteure</subfield>
            <subfield code="2">idsuzh VJ</subfield>
         </datafield>
         <datafield tag="690" ind1=" " ind2="7">
            <subfield code="B">u</subfield>
            <subfield code="a">H 2</subfield>
            <subfield code="d">Taxation, subsidies, and revenue = Steuern, Subventionen und Staatseinnahmen</subfield>
            <subfield code="2">idsuzh VJ</subfield>
         </datafield>
         <datafield tag="690" ind1=" " ind2="7">
            <subfield code="B">u</subfield>
            <subfield code="a">H 6</subfield>
            <subfield code="d">National budget, deficit and debt = Staatsbudget, Staatsdefizit und Staatsschulden</subfield>
            <subfield code="2">idsuzh VJ</subfield>
         </datafield>
         <datafield tag="830" ind1=" " ind2="0">
            <subfield code="a">Schriftenreihe zur Geld- und Finanzpolitik</subfield>
            <subfield code="v">4</subfield>
         </datafield>
         <datafield tag="898" ind1=" " ind2=" ">
            <subfield code="a">BK020000</subfield>
            <subfield code="b">XK020000</subfield>
            <subfield code="c">XK020000</subfield>
         </datafield>
         <datafield tag="898" ind1=" " ind2=" ">
            <subfield code="a">BK020300</subfield>
            <subfield code="b">XK020000</subfield>
            <subfield code="c">XK020000</subfield>
         </datafield>
         <datafield tag="908" ind1=" " ind2=" ">
            <subfield code="D">1</subfield>
            <subfield code="a">Hochschulschrift = Thèse/Mémoire</subfield>
         </datafield>
         <datafield tag="909" ind1=" " ind2="7">
            <subfield code="a">MedeaSOZARCH</subfield>
            <subfield code="2">nebis ER</subfield>
         </datafield>
         <datafield tag="909" ind1=" " ind2="7">
            <subfield code="a">MedeaZBZDiss</subfield>
            <subfield code="b">HOL</subfield>
            <subfield code="2">idszbz ZR</subfield>
         </datafield>
         <datafield tag="912" ind1=" " ind2="7">
            <subfield code="a">ww</subfield>
            <subfield code="2">SGBN</subfield>
         </datafield>
         <datafield tag="912" ind1=" " ind2="7">
            <subfield code="a">sw</subfield>
            <subfield code="2">SGBN</subfield>
         </datafield>
         <datafield tag="949" ind1=" " ind2=" ">
            <subfield code="B">NEBIS</subfield>
            <subfield code="F">E19</subfield>
            <subfield code="j">22980</subfield>
         </datafield>
         <datafield tag="949" ind1=" " ind2=" ">
            <subfield code="B">NEBIS</subfield>
            <subfield code="F">E19</subfield>
            <subfield code="j">301/16-2</subfield>
         </datafield>
         <datafield tag="949" ind1=" " ind2=" ">
            <subfield code="B">NEBIS</subfield>
            <subfield code="F">UFSW</subfield>
            <subfield code="j">A/S 222</subfield>
         </datafield>
         <datafield tag="949" ind1=" " ind2=" ">
            <subfield code="B">RERO</subfield>
            <subfield code="F">RE01001</subfield>
            <subfield code="c">RE010010001</subfield>
            <subfield code="j">UD 57.031</subfield>
         </datafield>
         <datafield tag="949" ind1=" " ind2=" ">
            <subfield code="B">RERO</subfield>
            <subfield code="F">RE01003</subfield>
            <subfield code="c">RE010030001</subfield>
            <subfield code="j">ISES P-80*48</subfield>
            <subfield code="z">$9 r/99/0016</subfield>
         </datafield>
         <datafield tag="949" ind1=" " ind2=" ">
            <subfield code="B">SGBN</subfield>
            <subfield code="F">SGKBV</subfield>
            <subfield code="c">DEPOT</subfield>
            <subfield code="j">B I 2511(1)</subfield>
         </datafield>
         <datafield tag="949" ind1=" " ind2=" ">
            <subfield code="B">NEBIS</subfield>
            <subfield code="F">UECON</subfield>
            <subfield code="c">ULMZN</subfield>
            <subfield code="j">SOS R 0195</subfield>
         </datafield>
         <datafield tag="949" ind1=" " ind2=" ">
            <subfield code="B">NEBIS</subfield>
            <subfield code="F">Z01</subfield>
            <subfield code="c">05</subfield>
            <subfield code="j">UnD 1956: 5056</subfield>
         </datafield>
         <datafield tag="950" ind1=" " ind2=" ">
            <subfield code="B">NEBIS</subfield>
            <subfield code="P">100</subfield>
            <subfield code="E">1-</subfield>
            <subfield code="a">Hansmeyer</subfield>
            <subfield code="D">Karl-Heinrich</subfield>
            <subfield code="d">1929-2007</subfield>
            <subfield code="0">(DE-588)104690712</subfield>
         </datafield>
         <datafield tag="950" ind1=" " ind2=" ">
            <subfield code="B">NEBIS</subfield>
            <subfield code="P">490</subfield>
            <subfield code="E">--</subfield>
            <subfield code="a">Schriftenreihe zur Geld- und Finanzpolitik</subfield>
            <subfield code="v">Band 4</subfield>
            <subfield code="i">4</subfield>
            <subfield code="w">(NEBIS)005465580</subfield>
            <subfield code="9">27004728X</subfield>
         </datafield>
         <datafield tag="950" ind1=" " ind2=" ">
            <subfield code="B">SGBN</subfield>
            <subfield code="P">100</subfield>
            <subfield code="E">1-</subfield>
            <subfield code="a">Hansmeyer</subfield>
            <subfield code="D">Karl-Heinrich</subfield>
         </datafield>
         <datafield tag="950" ind1=" " ind2=" ">
            <subfield code="B">SGBN</subfield>
            <subfield code="P">490</subfield>
            <subfield code="E">0-</subfield>
            <subfield code="a">Schriftenreihe zur Geld- und Finanzpolitik</subfield>
            <subfield code="v">Bd 4</subfield>
            <subfield code="i">4</subfield>
            <subfield code="w">(SGBN)000226463</subfield>
            <subfield code="9">27004728X</subfield>
         </datafield>
         <datafield tag="950" ind1=" " ind2=" ">
            <subfield code="B">SGBN</subfield>
            <subfield code="P">700</subfield>
            <subfield code="E">1-</subfield>
            <subfield code="a">Schmölders</subfield>
            <subfield code="D">G.</subfield>
         </datafield>
         <datafield tag="950" ind1=" " ind2=" ">
            <subfield code="B">RERO</subfield>
            <subfield code="P">100</subfield>
            <subfield code="E">1-</subfield>
            <subfield code="a">Hansmeyer</subfield>
            <subfield code="D">Karl-Heinrich</subfield>
         </datafield>
         <datafield tag="950" ind1=" " ind2=" ">
            <subfield code="B">RERO</subfield>
            <subfield code="P">490</subfield>
            <subfield code="E">1-</subfield>
            <subfield code="a">Schriftenreihe zur Geld- und Finanzpolitik</subfield>
            <subfield code="v">Bd. 4</subfield>
         </datafield>
         <datafield tag="950" ind1=" " ind2=" ">
            <subfield code="B">RERO</subfield>
            <subfield code="P">830</subfield>
            <subfield code="E">--</subfield>
            <subfield code="a">Schriftenreihe zur Geld- und Finanzpolitik</subfield>
            <subfield code="v">4</subfield>
         </datafield>
         <datafield tag="986" ind1=" " ind2=" ">
            <subfield code="a">SWISSBIB</subfield>
            <subfield code="b">275140946</subfield>
         </datafield>
      <datafield tag="949" ind1=" " ind2=" "><subfield code="B">IDSSG</subfield><subfield code="F">HIFF</subfield><subfield code="c">BIB</subfield><subfield code="j">BF 107</subfield></datafield></record>